@article{Johnson10,
	author = {Johnson, B. and Ramasamy, M. and Leishman, J.G.},
	year = {2010},
	month = {October},
	pages = {42007-1},
	title = {Turbulence Measurements inside Blade Tip Vortices Using Dual-Plane Particle Image Velocimetry},
	volume = {55},
	journal = {Journal of the American Helicopter Society},
	doi = {10.4050/JAHS.55.042007}
}

@article{Zhao17,
	author = {Zhao, Y. and Shi, Y. and Xu, G.},
	title = {Helicopter Blade-Vortex Interaction Airload and Noise Prediction Using Coupling CFD/VWM Method},
	journal = {Applied Sciences},
	volume = {7},
	year = {2017},
	month = {April},
	number = {4},
	article-number = {381},
	url = {https://www.mdpi.com/2076-3417/7/4/381},
	doi = {10.3390/app7040381}
}

@article{Johnson89,
	author = {Johnson, W.},
	title = {Calculation of blade-vortex interaction airloads on helicopter rotors},
	journal = {Journal of Aircraft},
	volume = {26},
	number = {5},
	pages = {470-475},
	year = {1989},
	doi = {10.2514/3.45787},	
	URL = {https://doi.org/10.2514/3.45787},
	eprint = {https://doi.org/10.2514/3.45787}	
}

@article{Lorber93,
	title = {Blade-Vortex Interaction Data Obtained from a Pressure-Instrumented Model UH-60A Rotor at the DNW},
	author = {Lorber, P.F.},
	journal = {Journal  of  the American  Helicopter  Society},
	volume = {38},
	number = {3},
	year = {1993},
	month = {July}
}

@article{Yu00,
	author = {Yu, Y.},
	year = {2000},
	month = {February},
	pages = {97–115},
	title = {Rotor blade–vortex interaction noise},
	volume = {36},
	journal = {Progress in Aerospace Sciences},
	doi = {10.1016/S0376-0421(99)00012-3}
}

@article{Chaderjian17,
	title = {Navier-Stokes Simulation of UH-60A Rotor/Wake Interaction Using Adaptive Mesh Refinement},
	author = {Chaderjian, N.M.},
	journal = {Proceedings of the 73rd Annual Forum of the American Helicopter Society},
	year = {2017},
}

@article{Gibertini14,
	author = {Gibertini, G. and Mencarelli, A. and Zanotti, A.},
	title = {Oscillating aerofoil and perpendicular vortex interaction},
	journal = {Proceedings of the Institution of Mechanical Engineers, Part G: Journal of Aerospace Engineering},
	volume = {228},
	number = {6},
	pages = {846-858},
	year = {2014},
	doi = {10.1177/0954410013481154},	
	URL = {https://doi.org/10.1177/0954410013481154},
	eprint = {https://doi.org/10.1177/0954410013481154}
}

@article{Green06,
	author = {Green, R. and Coton, F.N. and Early, J.M.},
	year = {2006},
	month = {10},
	pages = {},
	title = {On the three-dimensional nature of the orthogonal blade-vortex interaction},
	volume = {41},
	journal = {Experiments in Fluids},
	doi = {10.1007/s00348-006-0198-6}
}

@article{Haller05, 
	title = {An objective definition of a vortex}, 
	volume = {525}, 
	DOI = {10.1017/S0022112004002526}, 
	journal = {Journal of Fluid Mechanics}, 
	publisher = {Cambridge University Press}, 
	author = {Haller, G.}, 
	year = {2005}, 
	pages = {1–26}
}

@article{Devenport96,
	author = {Devenport, W.J. and Rife, M.C. and Liapis, S.I. and Follin, G.J.},
	title = "{The structure and development of a wing-tip vortex}",
	journal = {Journal of Fluid Mechanics},
	year = {1996},
	month = {January},
	volume = {312},
	pages = {67-106},
	doi = {10.1017/S0022112096001929},
	adsurl = {https://ui.adsabs.harvard.edu/abs/1996JFM...312...67D},
	adsnote = {Provided by the SAO/NASA Astrophysics Data System}
}

@article{Horner93,
	author = {Horner, M.B. and Saliveros, E. and Kokkalis, A. and
	Galbraith, R.A. McD.},
	title = "{Results from a set of low speed blade-vortex interaction experiments}",
	journal = {Experiments in Fluids},
	year = {1993},
	month = {April},
	volume = {14},
	number = {5},
	pages = {341-352},
	doi = {10.1007/BF00189493},
}

@article{Chen97,
	author = {Chen, J.M. and Chang, D.},
	title = {Unsteady Pressure Measurements for Parallel Vortex-Airfoil Interaction at Low Speed},
	journal = {Journal of Aircraft},
	volume = {34},
	number = {3},
	pages = {330-336},
	year = {1997},
	doi = {10.2514/2.2202}	
}

@article{Straus90,
	author = {Straus, J. and Renzoni, P. and Mayle, R.E.},
	title = {Airfoil pressure measurements during a blade vortex interaction and a comparison with theory},
	journal = {AIAA Journal},
	volume = {28},
	number = {2},
	pages = {222-228},
	year = {1990},
	month = {February},
	doi = {10.2514/3.10378}	
}

@article{Seath89,
	author = {Seath, D.D. and Kim, J. and Wilson, D.R.},
	title = {Investigation of the parallel blade-vortex interaction at low speed},
	journal = {Journal of Aircraft},
	volume = {26},
	number = {4},
	pages = {328-333},
	year = {1989},
	month = {April},
	doi = {10.2514/3.45764}
}

@article{Swirydczuk90,
	author = {\'Swirydczuk, J.},
	title = {A visualization study of the interaction of a free vortex with the wake behind an airfoil},
	journal = {Experiments in Fluids},
	year = {1990},
	month = {June},
	day={01},
	volume = {9},
	number = {4},
	pages = {181-190},
	doi = {10.1007/BF00190416}
}

@article{Wilder96,
	title = {The Formation and Internal Structure of Coherent Vortices in The Wake of a Pitching Airfoil},
	journal = {Journal of Fluids and Structures},
	volume = {10},
	number = {1},
	pages = {3 - 20},
	year = {1996},
	doi = {https://doi.org/10.1006/jfls.1996.0002},
	author = {M.C. Wilder and D.S. Mathioulakis and D.R. Poling and D.P. Telionis}
}

@article{Graftieaux01,
	author = {Graftieaux, L. and Michard, M. and Grosjean, N.},
	year = {2001},
	month = {August},
	pages = {1422},
	title = {Combining PIV, POD and vortex identification algorithms for the study of unsteady turbulent swirling flows},
	volume = {12},
	journal = {Measurement Science and Technology},
	doi = {10.1088/0957-0233/12/9/307}
}

@article{Martin86,
	title = {Experimental and Analytical Predictions of Rotor Blade Vortex Interaction},
    journal = {Journal of the American Helicopter Society},
    volume = {31},
    number = {4},
    pages = {12 - 20},
	year = {1986},
	month = {October},
	author = {Martin, R.M. and Elliott, J.W. and Hoad, D.R.}
}


@book{Quartapelle13,
	title = {Fluidodinamica incomprimibile},
	author = {Quartapelle, L. and Auteri, F.},
	isbn = {9788808185396},
	url = {https://books.google.it/books?id=cF6VmwEACAAJ},
	year = {2013},
	publisher = {CEA}
}

@book{Anderson17,
	author = {Anderson, J.},
	title = {Foundamentals of Aerodynamics},
	date = {2017},
	editor = {McGrawHill},
	edition = {6th Edition},
	isbn = {9781259129919}
}

@book{Green95,
	author = {Green, B.},
	title = {Fluid Vortices},
	date = {1995},
	edition = {1st Edition},
	volumes = {30},
	series = {Fluid Mechanics and Its Application},
	publisher = {Springer},
	isbn = {978-0-7923-3376-0},
	DOI = {10.1007/978-94-011-0249-0},
}

@book{Leishman02,
	title = {Principles of Helicopter Aerodynamics},
	author = {Leishman, J.G.},
	isbn = {9780521523967},
	lccn = {99038291},
	series = {Cambridge Aerospace Series},
	url = {https://books.google.it/books?id=-PnV2JuLZi4C},
	year = {2002},
	publisher = {Cambridge University Press}
}


@inproceedings{Komerath04,
	author = {Komerath, N. and Ganesh, B. and Wong, O.},
	title = {On the Formation and Decay of Rotor Blade Tip Vortices},
	booktitle = {34th AIAA Fluid Dynamics Conference and Exhibit},
	year = {2004},
	month = {June},
	doi = {10.2514/6.2004-2431},
	URL = {https://arc.aiaa.org/doi/abs/10.2514/6.2004-2431},
	eprint = {https://arc.aiaa.org/doi/pdf/10.2514/6.2004-2431}
}

@inproceedings{VanHoydonck09,
	title = {A Review of Rotorcraft Wake Modeling Methods for Flight Dynamics Applications},
	author = {Van Hoydonck, W.R.M, and Haverdings, H. and Pavel, M.D.},
	year = {2009},
	month = {September},
	booktitle = {35th European Rotorcraft Forum}
}

@inproceedings{Richez17,
	author = {Richez, F.},
	booktitle = {Proceedings of the 73rd Annual Forum of the American Helicopter Society},
	year = {2017},
	month = {May},
	title = {Numerical analysis of dynamic stall for different helicopter rotor flight conditions}
}

@inproceedings{Robinson90,
	author = {Robinson, S.K.},
	title = {A Review of Vortex Structures and Associated Coherent Motions in Turbulent Boundary Layers},
	booktitle = {Structure of Turbulence and Drag Reduction},
	year = {1990},
	publisher = {Springer Berlin Heidelberg},
	pages = {23--50},
	DOI = {10.1007/978-3-642-50971-1_2}
}

@inproceedings{Swirydczuk85,
	author = {\'Swirydczuk, J.},
	editor = {P{\'i}chal, Miroslav},
	title = {Behaviour of the Vortex Layer Generated in the Flow by an Impulse Change of Circulation Around a Profile},
	booktitle = {Optical Methods in Dynamics of Fluids and Solids},
	year = {1985},
	publisher = {Springer Berlin Heidelberg},
	address = {Berlin, Heidelberg},
	pages = {241--247},
	isbn={978-3-642-82459-3}
}

@inproceedings{Coletta19,
	author = {Coletta, M. and De Gregorio, F. and Visingardi, A. and Iuso, G.},
	year = {2019},
	month = {July},
	pages = {},
	booktitle = {13 th International Symposium on Particle Image Velocimetry},
	title = {PIV data: Vortex Detection and Characterization}
}


@report{Nakamura81,
	title = {Prediction of Blade-Vortex Interaction Noise From Measured Blade Pressure},
	type = {NASA-TM-81326},
	institution = {NASA Ames Research Center; Moffett Field, CA, United States},
	year = {1981},
	month = {September},
	author = {Nakamura, Y.}
}

@report{Caradonna84,
	author = {Caradonna, F. and Laub, G. and Tung, C.},
	type = {NASA-TM-86005},
	institution = {NASA Ames Research Center; Moffett Field, CA, United States},
	year = {1984},
	month = {September},
	title = {An experimental investigation of the parallel blade-vortex interaction}
}

@report{Booth86,
	author = {Booth, E., Jr. and Yu, J.C.},
	title = "{New techniques for experimental generation of two-dimensional blade-vortex interaction at low Reynolds numbers}",
	institution = {NASA Langley Research Center; Hampton, VA, United States},
	type = {NASA-TP-2551},
	year = {1986},
	month = {March}
}

@report{Kitaplioglu99,
	author = {Kitaplioglu, C. and Caradonna, F.X. and Mccluer, M.},
	title = {An Experimental Study of Parallel Blade-Vortex Interaction Aerodynamics and Acoustics Utilizing an Independently Generated Vortex},
	institution = {NASA Ames Research Center; Moffett Field, CA, United States},
	year = {1999},
	month = {July},
	type = {NASA-TM-208790}
}

@report{Rorke73,
	title = {Wind Tunnel Simulation of Full Scale Vortices},
	type = {NASA-CR-2180},
	institution = {NASA United Aircraft Corp.; Sikorsky Aircraft Div.; Stratford, CT, United States },
	year = {1973},
	author = {Rorke, J.B and Moffitt, R.C.},
	month = {March}
}


@thesis{Scully75,
	author = {Scully, M.},
	title = {Computation of Helicopter Rotor Wake Geometry and its Influence on Rotor Harmonic Airloads},
	type = {PhD Thesis},
	institution = {Massachusetts Institute of Technology},
    year = {1975},
	url = {http://hdl.handle.net/1721.1/64826}
}

@thesis{Colli18,
	author = {Colli, A.},
	year = {2018},
	type = {Master's Thesis},
	title = {Stallo dinamico indotto dall’interazione
	vortice-pala nel volo in discesa
	dell’elicottero},
	institution = {Politecnico di Milano}
}

@thesis{Moroni19,
	author = {Moroni, G.},
	year = {2019},
	type = {Master's Thesis},
	title = {Generation and PIV
	characterization of a vortex for
	parallel BVI wind tunnel
	investigation},
	institution = {Politecnico di Milano}
}

@thesis{Bresciani19,
	author = {Bresciani, A.P.C.},
	year = {2019},
	type = {Master's Thesis},
	title = {Large Eddy Simulation of the Transitional Flow
	around the SD7003 Airfoil and
	Application to Blade–Vortex Interaction},
	institution = {Politecnico di Milano}
}		

@thesis{Bauknecht16,
	author = {Bauknecht, A.},
	year = {2016},
	type = {PhD Thesis},
	title = {Characterization of blade tip vortices on large-scale rotors},
	institution = {Gottfried Wilhelm Leibniz Universität Hannover}
}

@thesis{Zanotti12,
	author = {Zanotti, A.},
	year = {2012},
	type = {PhD Thesis},
	title = {Retreating Blade Dynamic Stall},
	institution = {Politecnico di Milano}
}

@thesis{Holmen12,
	author = {Holmén, V.},
	type = {Master’s Theses in Mathematical Sciences},
	title = {Methods for Vortex Identification},
	year = {2012},
	institution = {Lund University}
}
